@INPROCEEDINGS{2000ASPC..216..498G,
       author = {{Garwood}, R.~W. and {McMullin}, J.~P.},
        title = "{{\bf DISH:} The Single Dish Environment in AIPS++}",
    booktitle = {Astronomical Data Analysis Software and Systems IX},
         year = "2000",
       editor = {{Manset}, Nadine and {Veillet}, Christian and {Crabtree}, Dennis},
       series = {Astronomical Society of the Pacific Conference Series},
       volume = {216},
        month = "Jan",
        pages = {498},
       adsurl = {https://ui.adsabs.harvard.edu/abs/2000ASPC..216..498G},
      adsnote = {Provided by the SAO/NASA Astrophysics Data System}
}

@INPROCEEDINGS{2000ASPC..216..494G,
       author = {{Garwood}, R.~W. and {Cornwell}, T.~J. and {McMullin}, J.~P.},
        title = "{{\bf SDImager:} An Imaging Tool for Single Dish Observations in AIPS++}",
    booktitle = {Astronomical Data Analysis Software and Systems IX},
         year = "2000",
       editor = {{Manset}, Nadine and {Veillet}, Christian and {Crabtree}, Dennis},
       series = {Astronomical Society of the Pacific Conference Series},
       volume = {216},
        month = "Jan",
        pages = {494},
       adsurl = {https://ui.adsabs.harvard.edu/abs/2000ASPC..216..494G},
      adsnote = {Provided by the SAO/NASA Astrophysics Data System}
}


@INPROCEEDINGS{2000ASPC..216..243G,
       author = {{Garwood}, R.~W.},
        title = "{{\bf SDFITS:} A Standard for Storage and Interchange of Single Dish Data}",
    booktitle = {Astronomical Data Analysis Software and Systems IX},
         year = "2000",
       editor = {{Manset}, Nadine and {Veillet}, Christian and {Crabtree}, Dennis},
       series = {Astronomical Society of the Pacific Conference Series},
       volume = {216},
        month = "Jan",
        pages = {243},
       adsurl = {https://ui.adsabs.harvard.edu/abs/2000ASPC..216..243G},
      adsnote = {Provided by the SAO/NASA Astrophysics Data System}
}

@ARTICLE{2007AA...474..679M,
       author = {{Mangum}, J.~G. and {Emerson}, D.~T. and {Greisen}, E.~W.},
        title = "{{\bf OFT:} The On The Fly imaging technique}",
      journal = {Astronomy and Astrophysics},
     keywords = {telescopes, methods: observational, radio continuum: general, radio lines: general, Astrophysics},
         year = "2007",
        month = "Nov",
       volume = {474},
       number = {2},
        pages = {679-687},
          doi = {10.1051/0004-6361:20077811},
archivePrefix = {arXiv},
       eprint = {0709.0553},
 primaryClass = {astro-ph},
       adsurl = {https://ui.adsabs.harvard.edu/abs/2007A&A...474..679M},
      adsnote = {Provided by the SAO/NASA Astrophysics Data System}
}

@INPROCEEDINGS{2006ASPC..351..512M,
       author = {{Marganian}, P. and {Garwood}, R.~W. and {Braatz}, J.~A. and
         {Radziwill}, N.~M. and {Maddalena}, R.~J.},
        title = "{GBTIDL: A New Package for Reduction and Analysis of GBT Spectral Line Data}",
    booktitle = {Astronomical Data Analysis Software and Systems XV},
         year = "2006",
       editor = {{Gabriel}, C. and {Arviset}, C. and {Ponz}, D. and {Enrique}, S.},
       series = {Astronomical Society of the Pacific Conference Series},
       volume = {351},
        month = "Jul",
        pages = {512},
       adsurl = {https://ui.adsabs.harvard.edu/abs/2006ASPC..351..512M},
      adsnote = {Provided by the SAO/NASA Astrophysics Data System}
}

@article{offringa-2012-morph-rfi-algorithm,
  title = "{{\bf aoflagger:} A morphological algorithm for improved radio-frequency interference detection}",
  author = {A. R. Offringa and J. J. van de Gronde and J. B. T. M. Roerdink},
  journal = "A\&A",
  year = 2012,
  volume = 539,
  month = mar,
  issue = "A95"
}

